Trade_Time,Price_USD,Volume_BTC,Symbol
2025-09-29 23:58:50.645,114290.1,0.002,BTCUSDT
2025-09-29 23:58:51.305,114290.0,0.005,BTCUSDT
2025-09-29 23:58:51.312,114290.1,0.027,BTCUSDT
2025-09-29 23:58:51.312,114290.1,0.06,BTCUSDT
2025-09-29 23:58:51.479,114290.1,0.027,BTCUSDT
2025-09-29 23:58:51.479,114290.1,0.087,BTCUSDT
2025-09-29 23:58:51.479,114290.1,0.009,BTCUSDT
2025-09-29 23:58:51.479,114290.1,0.009,BTCUSDT
2025-09-29 23:58:51.479,114290.1,0.127,BTCUSDT
2025-09-29 23:58:51.479,114290.1,0.001,BTCUSDT
2025-09-29 23:58:51.479,114290.1,0.001,BTCUSDT
2025-09-29 23:58:51.479,114290.1,0.177,BTCUSDT
2025-09-29 23:58:51.479,114290.1,0.125,BTCUSDT
2025-09-29 23:58:51.479,114290.1,0.053,BTCUSDT
2025-09-29 23:58:51.479,114290.1,0.276,BTCUSDT
2025-09-29 23:58:51.479,114290.1,0.149,BTCUSDT
2025-09-29 23:58:51.479,114290.1,0.035,BTCUSDT
2025-09-29 23:58:51.479,114290.1,0.001,BTCUSDT
2025-09-29 23:58:51.479,114290.1,0.004,BTCUSDT
2025-09-29 23:58:51.479,114290.1,0.027,BTCUSDT
2025-09-29 23:58:51.479,114290.1,0.061,BTCUSDT
2025-09-29 23:58:51.479,114290.1,0.147,BTCUSDT
2025-09-29 23:58:51.479,114290.1,0.054,BTCUSDT
2025-09-29 23:58:51.479,114290.1,0.057,BTCUSDT
2025-09-29 23:58:51.479,114290.1,0.003,BTCUSDT
2025-09-29 23:58:51.479,114290.1,0.575,BTCUSDT
2025-09-29 23:58:51.479,114290.1,0.026,BTCUSDT
2025-09-29 23:58:51.479,114290.1,0.002,BTCUSDT
2025-09-29 23:58:51.479,114290.1,0.001,BTCUSDT
2025-09-29 23:58:51.479,114290.1,0.002,BTCUSDT
2025-09-29 23:58:51.479,114290.1,0.001,BTCUSDT
2025-09-29 23:58:51.479,114290.1,0.006,BTCUSDT
2025-09-29 23:58:51.479,114290.1,0.002,BTCUSDT
2025-09-29 23:58:51.479,114290.2,0.001,BTCUSDT
2025-09-29 23:58:51.479,114290.2,0.001,BTCUSDT
2025-09-29 23:58:51.479,114290.2,0.002,BTCUSDT
2025-09-29 23:58:51.479,114290.8,0.002,BTCUSDT
2025-09-29 23:58:51.479,114291.0,0.001,BTCUSDT
2025-09-29 23:58:51.479,114291.9,0.002,BTCUSDT
2025-09-29 23:58:51.479,114292.4,0.001,BTCUSDT
2025-09-29 23:58:51.479,114292.8,0.063,BTCUSDT
2025-09-29 23:58:51.479,114292.9,0.052,BTCUSDT
2025-09-29 23:58:51.479,114292.9,0.052,BTCUSDT
2025-09-29 23:58:51.479,114292.9,0.002,BTCUSDT
2025-09-29 23:58:51.479,114292.9,0.052,BTCUSDT
2025-09-29 23:58:51.479,114292.9,0.002,BTCUSDT
2025-09-29 23:58:51.479,114293.0,0.002,BTCUSDT
2025-09-29 23:58:51.479,114293.0,0.002,BTCUSDT
2025-09-29 23:58:51.479,114293.2,0.002,BTCUSDT
2025-09-29 23:58:51.479,114293.8,0.002,BTCUSDT
2025-09-29 23:58:51.479,114294.0,0.002,BTCUSDT
2025-09-29 23:58:51.479,114294.1,0.001,BTCUSDT
2025-09-29 23:58:51.479,114294.2,0.002,BTCUSDT
2025-09-29 23:58:51.479,114294.2,0.002,BTCUSDT
2025-09-29 23:58:51.479,114294.7,0.151,BTCUSDT
2025-09-29 23:58:51.479,114294.7,0.001,BTCUSDT
2025-09-29 23:58:51.479,114294.7,0.001,BTCUSDT
2025-09-29 23:58:51.479,114294.7,0.002,BTCUSDT
2025-09-29 23:58:51.479,114294.9,0.002,BTCUSDT
2025-09-29 23:58:51.479,114295.0,0.001,BTCUSDT
2025-09-29 23:58:51.479,114295.1,0.002,BTCUSDT
2025-09-29 23:58:51.479,114295.1,0.003,BTCUSDT
2025-09-29 23:58:51.479,114295.5,0.002,BTCUSDT
2025-09-29 23:58:51.479,114295.5,0.001,BTCUSDT
2025-09-29 23:58:51.479,114295.8,0.001,BTCUSDT
2025-09-29 23:58:51.479,114295.8,0.06,BTCUSDT
2025-09-29 23:58:51.479,114295.8,0.001,BTCUSDT
2025-09-29 23:58:51.479,114296.0,0.001,BTCUSDT
2025-09-29 23:58:51.479,114296.1,0.002,BTCUSDT
2025-09-29 23:58:51.479,114296.2,0.001,BTCUSDT
2025-09-29 23:58:51.479,114296.2,0.002,BTCUSDT
2025-09-29 23:58:51.479,114296.2,0.001,BTCUSDT
2025-09-29 23:58:51.479,114296.3,0.01,BTCUSDT
2025-09-29 23:58:51.479,114296.4,0.001,BTCUSDT
2025-09-29 23:58:51.479,114296.7,0.002,BTCUSDT
2025-09-29 23:58:51.479,114297.3,0.002,BTCUSDT
2025-09-29 23:58:51.479,114297.3,0.002,BTCUSDT
2025-09-29 23:58:51.479,114297.3,0.005,BTCUSDT
2025-09-29 23:58:51.479,114297.4,0.832,BTCUSDT
2025-09-29 23:58:51.479,114297.5,1.225,BTCUSDT
2025-09-29 23:58:51.479,114297.5,0.184,BTCUSDT
2025-09-29 23:58:51.479,114297.5,0.001,BTCUSDT
2025-09-29 23:58:51.479,114297.6,0.007,BTCUSDT
2025-09-29 23:58:51.479,114297.6,0.002,BTCUSDT
2025-09-29 23:58:51.479,114297.7,0.003,BTCUSDT
2025-09-29 23:58:51.479,114297.7,0.065,BTCUSDT
2025-09-29 23:58:51.479,114297.9,0.002,BTCUSDT
2025-09-29 23:58:51.479,114298.0,0.032,BTCUSDT
2025-09-29 23:58:51.479,114298.0,0.001,BTCUSDT
2025-09-29 23:58:51.479,114298.0,0.03,BTCUSDT
2025-09-29 23:58:51.479,114298.1,0.001,BTCUSDT
2025-09-29 23:58:51.479,114298.3,0.002,BTCUSDT
2025-09-29 23:58:51.479,114298.4,0.03,BTCUSDT
2025-09-29 23:58:51.479,114298.5,0.002,BTCUSDT
2025-09-29 23:58:51.479,114298.5,0.002,BTCUSDT
2025-09-29 23:58:51.479,114298.8,0.001,BTCUSDT
2025-09-29 23:58:51.479,114299.1,0.002,BTCUSDT
2025-09-29 23:58:51.479,114299.1,0.001,BTCUSDT
2025-09-29 23:58:51.479,114299.3,0.009,BTCUSDT
2025-09-29 23:58:51.479,114299.4,0.002,BTCUSDT
2025-09-29 23:58:51.479,114299.5,0.001,BTCUSDT
2025-09-29 23:58:51.479,114299.5,0.001,BTCUSDT
2025-09-29 23:58:51.479,114299.5,0.006,BTCUSDT
2025-09-29 23:58:51.479,114299.8,0.002,BTCUSDT
2025-09-29 23:58:51.479,114299.8,0.001,BTCUSDT
2025-09-29 23:58:51.479,114299.9,0.087,BTCUSDT
2025-09-29 23:58:51.479,114300.0,0.001,BTCUSDT
2025-09-29 23:58:51.479,114300.0,0.001,BTCUSDT
2025-09-29 23:58:51.479,114300.0,0.002,BTCUSDT
2025-09-29 23:58:51.479,114300.0,0.005,BTCUSDT
2025-09-29 23:58:51.479,114300.0,0.001,BTCUSDT
2025-09-29 23:58:51.479,114300.0,0.017,BTCUSDT
2025-09-29 23:58:51.479,114300.0,0.1,BTCUSDT
2025-09-29 23:58:51.479,114300.3,0.002,BTCUSDT
2025-09-29 23:58:51.479,114300.4,0.002,BTCUSDT
2025-09-29 23:58:51.479,114300.4,0.002,BTCUSDT
2025-09-29 23:58:51.479,114300.5,0.002,BTCUSDT
2025-09-29 23:58:51.479,114300.7,0.005,BTCUSDT
2025-09-29 23:58:51.479,114301.0,0.002,BTCUSDT
2025-09-29 23:58:51.479,114301.1,0.048,BTCUSDT
2025-09-29 23:58:51.479,114301.1,0.016,BTCUSDT
2025-09-29 23:58:51.479,114301.2,0.002,BTCUSDT
2025-09-29 23:58:51.479,114301.4,0.065,BTCUSDT
2025-09-29 23:58:51.479,114301.4,0.102,BTCUSDT
2025-09-29 23:58:51.479,114301.5,0.001,BTCUSDT
2025-09-29 23:58:51.479,114301.5,0.002,BTCUSDT
2025-09-29 23:58:51.479,114301.5,0.976,BTCUSDT
2025-09-29 23:58:51.479,114301.5,1.493,BTCUSDT
2025-09-29 23:58:51.479,114301.6,0.002,BTCUSDT
2025-09-29 23:58:51.479,114301.6,0.002,BTCUSDT
2025-09-29 23:58:51.479,114301.6,0.001,BTCUSDT
2025-09-29 23:58:51.479,114301.8,0.001,BTCUSDT
2025-09-29 23:58:51.479,114301.8,0.004,BTCUSDT
2025-09-29 23:58:51.479,114301.9,0.002,BTCUSDT
2025-09-29 23:58:51.479,114302.0,1.225,BTCUSDT
2025-09-29 23:58:51.479,114302.1,0.001,BTCUSDT
2025-09-29 23:58:51.479,114302.1,0.001,BTCUSDT
2025-09-29 23:58:51.479,114302.1,0.001,BTCUSDT
2025-09-29 23:58:51.479,114302.2,0.002,BTCUSDT
2025-09-29 23:58:51.479,114302.2,0.002,BTCUSDT
2025-09-29 23:58:51.479,114302.2,0.001,BTCUSDT
2025-09-29 23:58:51.479,114302.3,0.028,BTCUSDT
2025-09-29 23:58:51.479,114302.6,0.184,BTCUSDT
2025-09-29 23:58:51.479,114302.7,1.462,BTCUSDT
2025-09-29 23:58:51.479,114302.7,0.15,BTCUSDT
2025-09-29 23:58:51.496,114302.6,0.005,BTCUSDT
2025-09-29 23:58:51.496,114302.6,0.005,BTCUSDT
2025-09-29 23:58:51.595,114302.6,0.018,BTCUSDT
2025-09-29 23:58:51.690,114302.6,0.018,BTCUSDT
2025-09-29 23:58:51.774,114302.6,0.018,BTCUSDT
2025-09-29 23:58:51.858,114302.6,0.018,BTCUSDT
2025-09-29 23:58:51.946,114302.7,0.066,BTCUSDT
2025-09-29 23:58:51.956,114302.6,0.018,BTCUSDT
2025-09-29 23:58:52.048,114302.6,0.003,BTCUSDT
2025-09-29 23:58:52.048,114302.6,0.015,BTCUSDT
2025-09-29 23:58:52.129,114302.6,0.018,BTCUSDT
2025-09-29 23:58:52.232,114302.6,0.018,BTCUSDT
2025-09-29 23:58:52.319,114302.6,0.018,BTCUSDT
2025-09-29 23:58:52.319,114302.7,0.087,BTCUSDT
2025-09-29 23:58:52.407,114302.6,0.018,BTCUSDT
2025-09-29 23:58:52.492,114302.6,0.018,BTCUSDT
2025-09-29 23:58:52.569,114302.6,0.018,BTCUSDT
2025-09-29 23:58:52.649,114302.6,0.018,BTCUSDT
2025-09-29 23:58:52.741,114302.6,0.018,BTCUSDT
2025-09-29 23:58:52.823,114302.6,0.018,BTCUSDT
2025-09-29 23:58:52.896,114302.6,0.018,BTCUSDT
2025-09-29 23:58:52.973,114302.6,0.018,BTCUSDT
2025-09-29 23:58:53.025,114302.7,0.003,BTCUSDT
2025-09-29 23:58:53.051,114302.6,0.018,BTCUSDT
2025-09-29 23:58:53.054,114302.6,0.379,BTCUSDT
2025-09-29 23:58:53.054,114302.6,0.5,BTCUSDT
2025-09-29 23:58:53.054,114302.6,0.624,BTCUSDT
2025-09-29 23:58:53.054,114302.6,0.654,BTCUSDT
2025-09-29 23:58:53.054,114302.6,1.191,BTCUSDT
2025-09-29 23:58:53.054,114302.6,0.001,BTCUSDT
2025-09-29 23:58:53.054,114302.6,0.002,BTCUSDT
2025-09-29 23:58:53.054,114302.6,0.001,BTCUSDT
2025-09-29 23:58:53.054,114302.6,0.01,BTCUSDT
2025-09-29 23:58:53.054,114302.6,0.005,BTCUSDT
2025-09-29 23:58:53.054,114302.6,0.017,BTCUSDT
2025-09-29 23:58:53.054,114302.6,0.005,BTCUSDT
2025-09-29 23:58:53.054,114302.6,0.002,BTCUSDT
2025-09-29 23:58:53.054,114302.6,0.076,BTCUSDT
2025-09-29 23:58:53.054,114302.6,0.001,BTCUSDT
2025-09-29 23:58:53.054,114302.6,0.008,BTCUSDT
2025-09-29 23:58:53.054,114302.6,0.006,BTCUSDT
2025-09-29 23:58:53.056,114302.5,0.001,BTCUSDT
2025-09-29 23:58:53.056,114302.5,0.001,BTCUSDT
2025-09-29 23:58:53.056,114302.5,0.001,BTCUSDT
2025-09-29 23:58:53.056,114302.3,0.002,BTCUSDT
2025-09-29 23:58:53.056,114302.0,0.002,BTCUSDT
2025-09-29 23:58:53.056,114301.8,0.001,BTCUSDT
2025-09-29 23:58:53.056,114301.4,0.002,BTCUSDT
2025-09-29 23:58:53.056,114301.1,0.002,BTCUSDT
2025-09-29 23:58:53.056,114300.8,0.002,BTCUSDT
2025-09-29 23:58:53.056,114300.3,0.001,BTCUSDT
2025-09-29 23:58:53.056,114300.2,0.002,BTCUSDT
2025-09-29 23:58:53.056,114300.0,0.002,BTCUSDT
2025-09-29 23:58:53.056,114300.0,0.001,BTCUSDT
2025-09-29 23:58:53.056,114300.0,0.001,BTCUSDT
2025-09-29 23:58:53.056,114300.0,0.002,BTCUSDT
2025-09-29 23:58:53.056,114299.8,0.002,BTCUSDT
2025-09-29 23:58:53.056,114299.6,0.002,BTCUSDT
2025-09-29 23:58:53.056,114299.5,0.001,BTCUSDT
2025-09-29 23:58:53.056,114299.0,0.002,BTCUSDT
2025-09-29 23:58:53.056,114298.9,0.002,BTCUSDT
2025-09-29 23:58:53.056,114298.7,0.002,BTCUSDT
2025-09-29 23:58:53.056,114298.6,0.001,BTCUSDT
2025-09-29 23:58:53.056,114298.4,0.002,BTCUSDT
2025-09-29 23:58:53.056,114297.8,0.002,BTCUSDT
2025-09-29 23:58:53.056,114297.7,0.002,BTCUSDT
2025-09-29 23:58:53.056,114297.6,0.002,BTCUSDT
2025-09-29 23:58:53.056,114297.3,0.027,BTCUSDT
2025-09-29 23:58:53.056,114297.2,0.002,BTCUSDT
2025-09-29 23:58:53.056,114296.9,0.06,BTCUSDT
2025-09-29 23:58:53.056,114296.9,0.018,BTCUSDT
2025-09-29 23:58:53.056,114296.7,0.005,BTCUSDT
2025-09-29 23:58:53.056,114296.7,0.002,BTCUSDT
2025-09-29 23:58:53.061,114296.6,0.001,BTCUSDT
2025-09-29 23:58:53.061,114296.6,0.011,BTCUSDT
2025-09-29 23:58:53.128,114296.6,0.018,BTCUSDT
2025-09-29 23:58:53.207,114296.6,0.018,BTCUSDT
2025-09-29 23:58:53.372,114296.7,0.087,BTCUSDT
2025-09-29 23:58:53.703,114296.6,0.018,BTCUSDT
2025-09-29 23:58:53.738,114296.7,3.204,BTCUSDT
2025-09-29 23:58:53.738,114296.7,0.085,BTCUSDT
2025-09-29 23:58:53.738,114296.7,0.61,BTCUSDT
2025-09-29 23:58:53.738,114296.7,0.636,BTCUSDT
2025-09-29 23:58:53.738,114296.7,0.975,BTCUSDT
2025-09-29 23:58:53.738,114296.7,0.25,BTCUSDT
2025-09-29 23:58:53.738,114296.7,0.653,BTCUSDT
2025-09-29 23:58:53.738,114296.7,0.149,BTCUSDT
2025-09-29 23:58:53.738,114296.7,0.118,BTCUSDT
2025-09-29 23:58:53.738,114296.7,0.064,BTCUSDT
2025-09-29 23:58:53.738,114296.7,0.1,BTCUSDT
2025-09-29 23:58:53.738,114296.7,0.001,BTCUSDT
2025-09-29 23:58:53.738,114296.7,0.012,BTCUSDT
2025-09-29 23:58:53.738,114296.7,1.191,BTCUSDT
2025-09-29 23:58:53.738,114296.7,0.207,BTCUSDT
2025-09-29 23:58:53.738,114296.7,0.001,BTCUSDT
2025-09-29 23:58:53.738,114296.7,0.053,BTCUSDT
2025-09-29 23:58:53.738,114296.7,0.177,BTCUSDT
2025-09-29 23:58:53.738,114296.7,0.001,BTCUSDT
2025-09-29 23:58:53.738,114296.7,1.158,BTCUSDT
2025-09-29 23:58:53.738,114296.7,0.04,BTCUSDT
2025-09-29 23:58:53.738,114296.7,0.042,BTCUSDT
2025-09-29 23:58:53.738,114296.7,0.001,BTCUSDT
2025-09-29 23:58:53.738,114296.7,0.001,BTCUSDT
2025-09-29 23:58:53.738,114296.7,0.001,BTCUSDT
2025-09-29 23:58:53.738,114296.7,0.001,BTCUSDT
2025-09-29 23:58:53.738,114296.7,0.056,BTCUSDT
2025-09-29 23:58:53.738,114296.7,0.97,BTCUSDT
2025-09-29 23:58:53.738,114296.7,0.001,BTCUSDT
2025-09-29 23:58:53.738,114296.7,0.006,BTCUSDT
2025-09-29 23:58:53.738,114296.7,0.008,BTCUSDT
2025-09-29 23:58:53.738,114296.7,0.228,BTCUSDT
2025-09-29 23:58:53.782,114296.6,0.018,BTCUSDT
2025-09-29 23:58:53.873,114296.6,0.018,BTCUSDT
2025-09-29 23:58:53.951,114296.6,0.018,BTCUSDT
2025-09-29 23:58:54.030,114296.6,0.018,BTCUSDT
2025-09-29 23:58:54.107,114296.6,0.018,BTCUSDT
2025-09-29 23:58:54.182,114296.6,0.018,BTCUSDT
2025-09-29 23:58:54.262,114296.6,0.018,BTCUSDT
2025-09-29 23:58:54.324,114296.7,0.001,BTCUSDT
2025-09-29 23:58:54.324,114296.7,0.001,BTCUSDT
2025-09-29 23:58:54.331,114296.7,0.087,BTCUSDT
2025-09-29 23:58:54.338,114296.6,0.018,BTCUSDT
2025-09-29 23:58:54.416,114296.6,0.018,BTCUSDT
2025-09-29 23:58:54.486,114296.6,0.018,BTCUSDT
2025-09-29 23:58:54.585,114296.6,0.018,BTCUSDT
2025-09-29 23:58:54.662,114296.6,0.018,BTCUSDT
2025-09-29 23:58:54.738,114296.6,0.018,BTCUSDT
2025-09-29 23:58:54.809,114296.6,0.018,BTCUSDT
2025-09-29 23:58:54.892,114296.6,0.006,BTCUSDT
2025-09-29 23:58:54.892,114296.6,0.001,BTCUSDT
2025-09-29 23:58:54.892,114296.6,0.001,BTCUSDT
2025-09-29 23:58:54.892,114296.6,0.01,BTCUSDT
2025-09-29 23:58:54.971,114296.6,0.018,BTCUSDT
2025-09-29 23:58:55.338,114296.7,0.043,BTCUSDT
2025-09-29 23:58:55.338,114296.7,0.009,BTCUSDT
2025-09-29 23:58:55.338,114296.7,0.008,BTCUSDT
2025-09-29 23:58:55.338,114296.7,0.001,BTCUSDT
2025-09-29 23:58:55.338,114296.7,0.026,BTCUSDT
2025-09-29 23:58:55.486,114296.7,0.027,BTCUSDT
2025-09-29 23:58:55.486,114296.7,0.001,BTCUSDT
2025-09-29 23:58:55.486,114296.7,0.001,BTCUSDT
2025-09-29 23:58:55.486,114296.7,0.001,BTCUSDT
2025-09-29 23:58:55.486,114296.7,0.041,BTCUSDT
2025-09-29 23:58:55.486,114296.7,0.004,BTCUSDT
2025-09-29 23:58:55.486,114296.7,0.027,BTCUSDT
2025-09-29 23:58:55.486,114296.7,0.015,BTCUSDT
2025-09-29 23:58:55.486,114296.7,0.001,BTCUSDT
2025-09-29 23:58:55.486,114296.7,0.002,BTCUSDT
2025-09-29 23:58:55.486,114296.7,0.002,BTCUSDT
2025-09-29 23:58:55.486,114296.7,0.177,BTCUSDT
2025-09-29 23:58:55.486,114296.7,0.02,BTCUSDT
2025-09-29 23:58:55.486,114296.7,0.034,BTCUSDT
2025-09-29 23:58:55.486,114296.7,0.022,BTCUSDT
2025-09-29 23:58:55.486,114296.7,0.276,BTCUSDT
2025-09-29 23:58:55.486,114296.7,0.045,BTCUSDT
2025-09-29 23:58:55.486,114296.7,0.207,BTCUSDT
2025-09-29 23:58:55.486,114296.7,1.526,BTCUSDT
2025-09-29 23:58:55.486,114296.7,0.148,BTCUSDT
2025-09-29 23:58:55.486,114296.7,0.007,BTCUSDT
2025-09-29 23:58:55.486,114296.7,0.815,BTCUSDT
2025-09-29 23:58:55.486,114296.7,0.002,BTCUSDT
2025-09-29 23:58:55.486,114296.7,0.001,BTCUSDT
2025-09-29 23:58:55.486,114296.7,0.001,BTCUSDT
2025-09-29 23:58:55.486,114296.7,0.057,BTCUSDT
2025-09-29 23:58:55.486,114296.7,0.002,BTCUSDT
2025-09-29 23:58:55.486,114296.8,0.001,BTCUSDT
2025-09-29 23:58:55.486,114296.8,0.001,BTCUSDT
2025-09-29 23:58:55.486,114296.8,0.002,BTCUSDT
2025-09-29 23:58:55.486,114297.0,0.001,BTCUSDT
2025-09-29 23:58:55.486,114298.8,0.002,BTCUSDT
2025-09-29 23:58:55.486,114299.0,0.001,BTCUSDT
2025-09-29 23:58:55.486,114299.8,0.002,BTCUSDT
2025-09-29 23:58:55.486,114299.8,0.013,BTCUSDT
2025-09-29 23:58:55.486,114299.9,0.065,BTCUSDT
2025-09-29 23:58:55.486,114299.9,0.002,BTCUSDT
2025-09-29 23:58:55.486,114299.9,0.002,BTCUSDT
2025-09-29 23:58:55.486,114300.0,0.001,BTCUSDT
2025-09-29 23:58:55.486,114300.0,0.001,BTCUSDT
2025-09-29 23:58:55.486,114300.0,0.001,BTCUSDT
2025-09-29 23:58:55.486,114300.2,0.001,BTCUSDT
2025-09-29 23:58:55.486,114300.3,0.002,BTCUSDT
2025-09-29 23:58:55.486,114300.6,0.001,BTCUSDT
2025-09-29 23:58:55.486,114300.7,0.001,BTCUSDT
2025-09-29 23:58:55.486,114300.9,0.002,BTCUSDT
2025-09-29 23:58:55.486,114300.9,0.002,BTCUSDT
2025-09-29 23:58:55.486,114301.5,0.002,BTCUSDT
2025-09-29 23:58:55.486,114301.7,0.002,BTCUSDT
2025-09-29 23:58:55.486,114301.8,0.001,BTCUSDT
2025-09-29 23:58:55.486,114302.1,0.002,BTCUSDT
2025-09-29 23:58:55.486,114302.1,0.001,BTCUSDT
2025-09-29 23:58:55.486,114302.2,0.001,BTCUSDT
2025-09-29 23:58:55.486,114302.2,0.005,BTCUSDT
2025-09-29 23:58:55.486,114302.4,0.06,BTCUSDT
2025-09-29 23:58:55.486,114302.4,0.001,BTCUSDT
2025-09-29 23:58:55.486,114302.6,0.002,BTCUSDT
2025-09-29 23:58:55.486,114302.6,0.052,BTCUSDT
2025-09-29 23:58:55.486,114302.6,0.003,BTCUSDT
2025-09-29 23:58:55.486,114302.7,0.029,BTCUSDT
2025-09-29 23:58:55.486,114302.7,0.032,BTCUSDT
2025-09-29 23:58:55.486,114302.7,0.001,BTCUSDT
2025-09-29 23:58:55.486,114302.7,0.064,BTCUSDT
2025-09-29 23:58:55.486,114302.7,0.075,BTCUSDT
2025-09-29 23:58:55.486,114302.7,0.002,BTCUSDT
2025-09-29 23:58:55.486,114302.7,0.001,BTCUSDT
2025-09-29 23:58:55.486,114302.8,0.002,BTCUSDT
2025-09-29 23:58:55.486,114302.9,0.001,BTCUSDT
2025-09-29 23:58:55.486,114303.0,0.001,BTCUSDT
2025-09-29 23:58:55.486,114303.2,0.002,BTCUSDT
2025-09-29 23:58:55.486,114303.8,0.002,BTCUSDT
2025-09-29 23:58:55.486,114303.9,0.002,BTCUSDT
2025-09-29 23:58:55.486,114304.1,0.43,BTCUSDT
2025-09-29 23:58:55.486,114304.2,0.006,BTCUSDT
2025-09-29 23:58:55.486,114304.3,0.042,BTCUSDT
2025-09-29 23:58:55.486,114304.3,0.087,BTCUSDT
2025-09-29 23:58:55.486,114304.4,0.002,BTCUSDT
2025-09-29 23:58:55.486,114304.9,0.001,BTCUSDT
2025-09-29 23:58:55.486,114304.9,0.002,BTCUSDT
2025-09-29 23:58:55.486,114305.0,0.002,BTCUSDT
2025-09-29 23:58:55.486,114305.0,0.002,BTCUSDT
2025-09-29 23:58:55.486,114305.0,0.002,BTCUSDT
2025-09-29 23:58:55.486,114305.1,0.001,BTCUSDT
2025-09-29 23:58:55.486,114305.1,0.024,BTCUSDT
2025-09-29 23:58:55.486,114305.3,0.002,BTCUSDT
2025-09-29 23:58:55.486,114305.3,0.032,BTCUSDT
2025-09-29 23:58:55.486,114305.4,0.001,BTCUSDT
2025-09-29 23:58:55.486,114305.4,0.457,BTCUSDT
2025-09-29 23:58:55.486,114305.4,0.131,BTCUSDT
2025-09-29 23:58:55.486,114305.5,1.225,BTCUSDT
2025-09-29 23:58:55.486,114305.5,0.002,BTCUSDT
2025-09-29 23:58:55.486,114305.6,0.001,BTCUSDT
2025-09-29 23:58:55.486,114305.9,0.002,BTCUSDT
2025-09-29 23:58:55.486,114305.9,0.002,BTCUSDT
2025-09-29 23:58:55.486,114306.0,0.002,BTCUSDT
2025-09-29 23:58:55.486,114306.1,0.031,BTCUSDT
2025-09-29 23:58:55.486,114306.3,0.001,BTCUSDT
2025-09-29 23:58:55.486,114306.3,0.007,BTCUSDT
2025-09-29 23:58:55.486,114306.5,0.001,BTCUSDT
2025-09-29 23:58:55.486,114306.6,0.002,BTCUSDT
2025-09-29 23:58:55.486,114306.6,0.001,BTCUSDT
2025-09-29 23:58:55.486,114306.8,0.002,BTCUSDT
2025-09-29 23:58:55.486,114307.0,0.02,BTCUSDT
2025-09-29 23:58:55.486,114307.1,0.184,BTCUSDT
2025-09-29 23:58:55.486,114307.1,0.02,BTCUSDT
2025-09-29 23:58:55.486,114307.1,0.016,BTCUSDT
2025-09-29 23:58:55.486,114307.2,0.001,BTCUSDT
2025-09-29 23:58:55.486,114307.2,0.017,BTCUSDT
2025-09-29 23:58:55.486,114307.4,0.002,BTCUSDT
2025-09-29 23:58:55.486,114307.4,0.002,BTCUSDT
2025-09-29 23:58:55.486,114307.5,0.005,BTCUSDT
2025-09-29 23:58:55.486,114307.8,0.001,BTCUSDT
2025-09-29 23:58:55.486,114308.0,0.002,BTCUSDT
2025-09-29 23:58:55.486,114308.0,1.665,BTCUSDT
2025-09-29 23:58:55.486,114308.1,0.001,BTCUSDT
2025-09-29 23:58:55.486,114308.1,1.428,BTCUSDT
2025-09-29 23:58:55.486,114308.1,0.002,BTCUSDT
2025-09-29 23:58:55.486,114308.2,0.003,BTCUSDT
2025-09-29 23:58:55.486,114308.2,0.001,BTCUSDT
2025-09-29 23:58:55.486,114308.3,0.001,BTCUSDT
2025-09-29 23:58:55.486,114308.5,0.002,BTCUSDT
2025-09-29 23:58:55.486,114308.7,0.002,BTCUSDT
2025-09-29 23:58:55.486,114308.7,0.001,BTCUSDT
2025-09-29 23:58:55.486,114308.8,0.03,BTCUSDT
2025-09-29 23:58:55.486,114308.8,0.096,BTCUSDT
2025-09-29 23:58:55.486,114308.9,0.002,BTCUSDT
2025-09-29 23:58:55.486,114309.0,1.081,BTCUSDT
2025-09-29 23:58:55.580,114308.9,0.003,BTCUSDT
2025-09-29 23:58:55.582,114308.9,0.51,BTCUSDT
2025-09-29 23:58:55.582,114308.9,0.099,BTCUSDT
2025-09-29 23:58:55.633,114308.9,0.004,BTCUSDT
2025-09-29 23:58:55.894,114309.0,0.008,BTCUSDT
2025-09-29 23:58:55.894,114309.0,0.001,BTCUSDT
2025-09-29 23:58:55.894,114309.0,0.001,BTCUSDT
2025-09-29 23:58:55.894,114309.0,0.001,BTCUSDT
2025-09-29 23:58:55.894,114309.0,0.015,BTCUSDT
2025-09-29 23:58:56.257,114309.0,0.001,BTCUSDT
2025-09-29 23:58:56.280,114309.0,0.087,BTCUSDT
2025-09-29 23:58:56.685,114308.9,0.024,BTCUSDT
2025-09-29 23:58:57.205,114309.0,0.001,BTCUSDT
2025-09-29 23:58:57.347,114309.0,0.07,BTCUSDT
2025-09-29 23:58:57.347,114309.0,0.001,BTCUSDT
2025-09-29 23:58:57.347,114309.0,0.001,BTCUSDT
2025-09-29 23:58:57.347,114309.0,0.015,BTCUSDT
2025-09-29 23:58:57.473,114308.9,0.03,BTCUSDT
2025-09-29 23:58:57.660,114309.0,0.15,BTCUSDT
2025-09-29 23:58:57.660,114309.0,0.001,BTCUSDT
2025-09-29 23:58:57.660,114309.0,0.001,BTCUSDT
2025-09-29 23:58:57.660,114309.0,0.001,BTCUSDT
2025-09-29 23:58:57.660,114309.0,0.146,BTCUSDT
2025-09-29 23:58:57.660,114309.0,0.236,BTCUSDT
2025-09-29 23:58:57.840,114309.0,0.001,BTCUSDT
2025-09-29 23:58:57.892,114309.0,0.712,BTCUSDT
2025-09-29 23:58:57.892,114309.0,0.148,BTCUSDT
2025-09-29 23:58:57.892,114309.0,0.552,BTCUSDT
2025-09-29 23:58:57.892,114309.0,0.158,BTCUSDT
2025-09-29 23:58:57.892,114309.0,0.891,BTCUSDT
2025-09-29 23:58:57.892,114309.0,0.171,BTCUSDT
2025-09-29 23:58:57.892,114309.0,0.173,BTCUSDT
2025-09-29 23:58:57.892,114309.0,0.001,BTCUSDT
2025-09-29 23:58:57.892,114309.0,0.323,BTCUSDT
2025-09-29 23:58:57.892,114309.0,0.25,BTCUSDT
2025-09-29 23:58:57.892,114309.0,0.893,BTCUSDT
2025-09-29 23:58:57.892,114309.0,0.001,BTCUSDT
2025-09-29 23:58:57.892,114309.0,0.152,BTCUSDT
2025-09-29 23:58:57.892,114309.0,0.174,BTCUSDT
2025-09-29 23:58:57.892,114309.0,0.001,BTCUSDT
2025-09-29 23:58:57.892,114309.0,0.701,BTCUSDT
2025-09-29 23:58:57.892,114309.0,0.001,BTCUSDT
2025-09-29 23:58:57.892,114309.0,0.174,BTCUSDT
2025-09-29 23:58:57.892,114309.0,0.174,BTCUSDT
2025-09-29 23:58:57.892,114309.0,0.174,BTCUSDT
2025-09-29 23:58:57.892,114309.0,0.174,BTCUSDT
2025-09-29 23:58:57.892,114309.0,0.299,BTCUSDT
2025-09-29 23:58:57.892,114309.0,0.029,BTCUSDT
2025-09-29 23:58:57.892,114309.0,0.045,BTCUSDT
2025-09-29 23:58:57.892,114309.0,0.007,BTCUSDT
2025-09-29 23:58:57.892,114309.0,0.034,BTCUSDT
2025-09-29 23:58:57.892,114309.0,0.004,BTCUSDT
2025-09-29 23:58:57.892,114309.0,0.002,BTCUSDT
2025-09-29 23:58:57.892,114309.0,0.026,BTCUSDT
2025-09-29 23:58:57.892,114309.0,0.03,BTCUSDT
2025-09-29 23:58:57.892,114309.0,0.025,BTCUSDT
2025-09-29 23:58:57.892,114309.0,0.03,BTCUSDT
2025-09-29 23:58:57.892,114309.0,0.03,BTCUSDT
2025-09-29 23:58:57.892,114309.0,0.026,BTCUSDT
2025-09-29 23:58:57.892,114309.0,0.03,BTCUSDT
2025-09-29 23:58:57.892,114309.0,0.03,BTCUSDT
2025-09-29 23:58:57.892,114309.0,0.03,BTCUSDT
2025-09-29 23:58:57.892,114309.0,0.03,BTCUSDT
2025-09-29 23:58:57.892,114309.0,0.028,BTCUSDT
2025-09-29 23:58:57.892,114309.0,0.03,BTCUSDT
2025-09-29 23:58:57.892,114309.0,0.03,BTCUSDT
2025-09-29 23:58:57.892,114309.0,0.03,BTCUSDT
2025-09-29 23:58:57.892,114309.0,0.03,BTCUSDT
2025-09-29 23:58:57.892,114309.0,0.03,BTCUSDT
2025-09-29 23:58:57.892,114309.0,0.03,BTCUSDT
2025-09-29 23:58:57.892,114309.0,0.03,BTCUSDT
2025-09-29 23:58:57.892,114309.0,0.028,BTCUSDT
2025-09-29 23:58:57.892,114309.0,0.03,BTCUSDT
2025-09-29 23:58:57.892,114309.0,0.03,BTCUSDT
2025-09-29 23:58:57.892,114309.0,0.03,BTCUSDT
2025-09-29 23:58:57.892,114309.0,0.028,BTCUSDT
2025-09-29 23:58:57.892,114309.0,0.03,BTCUSDT
2025-09-29 23:58:57.892,114309.0,0.03,BTCUSDT
2025-09-29 23:58:57.892,114309.0,0.03,BTCUSDT
2025-09-29 23:58:57.892,114309.0,0.026,BTCUSDT
2025-09-29 23:58:57.892,114309.0,0.03,BTCUSDT
2025-09-29 23:58:57.892,114309.0,0.027,BTCUSDT
2025-09-29 23:58:57.892,114309.0,0.03,BTCUSDT
2025-09-29 23:58:57.892,114309.0,0.03,BTCUSDT
2025-09-29 23:58:57.892,114309.0,0.004,BTCUSDT
2025-09-29 23:58:57.892,114309.0,0.004,BTCUSDT
2025-09-29 23:58:57.892,114309.0,0.027,BTCUSDT
2025-09-29 23:58:57.892,114309.0,0.004,BTCUSDT
2025-09-29 23:58:57.892,114309.0,0.004,BTCUSDT
2025-09-29 23:58:57.892,114309.0,0.004,BTCUSDT
2025-09-29 23:58:57.892,114309.0,0.004,BTCUSDT
2025-09-29 23:58:57.892,114309.0,0.004,BTCUSDT
2025-09-29 23:58:57.892,114309.0,0.004,BTCUSDT
2025-09-29 23:58:57.892,114309.0,0.004,BTCUSDT
2025-09-29 23:58:57.892,114309.0,0.004,BTCUSDT
2025-09-29 23:58:57.892,114309.0,0.004,BTCUSDT
2025-09-29 23:58:57.892,114309.0,0.004,BTCUSDT
2025-09-29 23:58:57.892,114309.0,0.087,BTCUSDT
2025-09-29 23:58:57.892,114309.0,0.002,BTCUSDT
2025-09-29 23:58:57.892,114309.0,0.001,BTCUSDT
2025-09-29 23:58:57.892,114309.0,0.156,BTCUSDT
2025-09-29 23:58:57.892,114309.0,0.181,BTCUSDT
2025-09-29 23:58:57.892,114309.0,0.148,BTCUSDT
2025-09-29 23:58:57.892,114309.0,0.152,BTCUSDT
2025-09-29 23:58:57.892,114309.0,0.027,BTCUSDT
2025-09-29 23:58:57.892,114309.0,0.026,BTCUSDT
2025-09-29 23:58:57.892,114309.0,0.026,BTCUSDT
2025-09-29 23:58:57.892,114309.0,0.026,BTCUSDT
2025-09-29 23:58:57.892,114309.0,0.026,BTCUSDT
2025-09-29 23:58:57.892,114309.0,0.026,BTCUSDT
2025-09-29 23:58:57.892,114309.0,0.026,BTCUSDT
2025-09-29 23:58:57.892,114309.0,0.026,BTCUSDT
2025-09-29 23:58:57.892,114309.0,0.001,BTCUSDT
2025-09-29 23:58:57.892,114309.0,0.026,BTCUSDT
2025-09-29 23:58:57.892,114309.0,0.03,BTCUSDT
2025-09-29 23:58:57.892,114309.0,0.024,BTCUSDT
2025-09-29 23:58:57.892,114309.0,0.002,BTCUSDT
2025-09-29 23:58:57.892,114309.0,0.001,BTCUSDT
2025-09-29 23:58:57.892,114309.0,0.014,BTCUSDT
2025-09-29 23:58:57.892,114309.0,0.25,BTCUSDT
2025-09-29 23:58:57.892,114309.0,0.087,BTCUSDT
2025-09-29 23:58:57.892,114309.0,0.087,BTCUSDT
2025-09-29 23:58:57.892,114309.0,0.057,BTCUSDT
2025-09-29 23:58:57.892,114309.0,0.15,BTCUSDT
2025-09-29 23:58:57.892,114309.0,0.15,BTCUSDT
2025-09-29 23:58:57.892,114309.0,0.437,BTCUSDT
2025-09-29 23:58:57.892,114309.0,0.002,BTCUSDT
2025-09-29 23:58:57.892,114309.0,0.005,BTCUSDT
2025-09-29 23:58:57.892,114309.0,0.001,BTCUSDT
2025-09-29 23:58:57.892,114309.0,0.125,BTCUSDT
2025-09-29 23:58:57.892,114309.0,0.002,BTCUSDT
2025-09-29 23:58:57.892,114309.1,0.001,BTCUSDT
2025-09-29 23:58:57.892,114309.1,0.001,BTCUSDT
2025-09-29 23:58:57.892,114309.1,0.001,BTCUSDT
2025-09-29 23:58:57.892,114309.1,0.001,BTCUSDT
2025-09-29 23:58:57.892,114309.1,0.001,BTCUSDT
2025-09-29 23:58:57.892,114309.1,0.002,BTCUSDT
2025-09-29 23:58:57.892,114309.1,0.002,BTCUSDT
2025-09-29 23:58:57.892,114309.2,0.001,BTCUSDT
2025-09-29 23:58:57.892,114309.3,0.002,BTCUSDT
2025-09-29 23:58:57.892,114309.6,0.001,BTCUSDT
2025-09-29 23:58:57.892,114309.7,0.001,BTCUSDT
2025-09-29 23:58:57.892,114309.7,0.08,BTCUSDT
2025-09-29 23:58:57.892,114309.7,0.001,BTCUSDT
2025-09-29 23:58:57.892,114309.8,0.2,BTCUSDT
2025-09-29 23:58:57.892,114309.8,0.24,BTCUSDT
2025-09-29 23:58:57.892,114309.8,0.04,BTCUSDT
2025-09-29 23:58:57.892,114309.8,0.08,BTCUSDT
2025-09-29 23:58:57.892,114309.8,0.002,BTCUSDT
2025-09-29 23:58:57.892,114309.9,0.001,BTCUSDT
2025-09-29 23:58:57.892,114310.0,0.002,BTCUSDT
2025-09-29 23:58:57.892,114310.0,0.001,BTCUSDT
2025-09-29 23:58:57.892,114310.0,0.042,BTCUSDT
2025-09-29 23:58:57.892,114310.0,0.066,BTCUSDT
2025-09-29 23:58:57.892,114310.0,0.174,BTCUSDT
2025-09-29 23:58:57.892,114310.0,0.033,BTCUSDT
2025-09-29 23:58:57.892,114310.0,0.24,BTCUSDT
2025-09-29 23:58:57.894,114309.0,0.021,BTCUSDT
2025-09-29 23:58:57.894,114309.0,0.021,BTCUSDT
2025-09-29 23:58:57.894,114309.0,0.033,BTCUSDT
2025-09-29 23:58:57.894,114309.0,0.033,BTCUSDT
2025-09-29 23:58:57.894,114309.0,0.052,BTCUSDT
2025-09-29 23:58:57.895,114309.0,0.015,BTCUSDT
2025-09-29 23:58:57.895,114309.0,0.037,BTCUSDT
2025-09-29 23:58:57.895,114309.0,0.033,BTCUSDT
2025-09-29 23:58:57.895,114309.0,0.03,BTCUSDT
2025-09-29 23:58:57.895,114309.0,0.055,BTCUSDT
2025-09-29 23:58:57.898,114309.0,0.068,BTCUSDT
2025-09-29 23:58:57.975,114309.0,0.001,BTCUSDT
2025-09-29 23:58:57.975,114309.0,0.001,BTCUSDT
2025-09-29 23:58:57.975,114309.0,0.001,BTCUSDT
2025-09-29 23:58:57.975,114309.0,0.002,BTCUSDT
2025-09-29 23:58:57.988,114308.9,0.01,BTCUSDT
2025-09-29 23:58:58.056,114309.0,0.026,BTCUSDT
2025-09-29 23:58:58.056,114309.0,0.026,BTCUSDT
2025-09-29 23:58:58.056,114309.0,0.001,BTCUSDT
2025-09-29 23:58:58.056,114309.0,0.052,BTCUSDT
2025-09-29 23:58:58.056,114309.0,0.036,BTCUSDT
2025-09-29 23:58:58.056,114309.0,0.002,BTCUSDT
2025-09-29 23:58:58.056,114309.1,0.001,BTCUSDT
2025-09-29 23:58:58.056,114309.1,0.001,BTCUSDT
2025-09-29 23:58:58.058,114310.0,0.065,BTCUSDT
2025-09-29 23:58:58.058,114310.0,0.001,BTCUSDT
2025-09-29 23:58:58.058,114310.6,0.002,BTCUSDT
2025-09-29 23:58:58.058,114310.7,0.001,BTCUSDT
2025-09-29 23:58:58.058,114310.7,0.001,BTCUSDT
2025-09-29 23:58:58.058,114310.7,0.001,BTCUSDT
2025-09-29 23:58:58.058,114311.1,0.002,BTCUSDT
2025-09-29 23:58:58.058,114311.2,0.002,BTCUSDT
2025-09-29 23:58:58.058,114311.7,0.001,BTCUSDT
2025-09-29 23:58:58.058,114311.7,0.007,BTCUSDT
2025-09-29 23:58:58.469,114311.8,0.001,BTCUSDT
2025-09-29 23:58:58.469,114311.8,0.001,BTCUSDT
2025-09-29 23:58:58.469,114311.8,0.085,BTCUSDT
2025-09-29 23:58:59.462,114311.7,0.004,BTCUSDT
2025-09-29 23:58:59.584,114311.8,0.087,BTCUSDT
2025-09-29 23:58:59.614,114311.8,0.045,BTCUSDT
2025-09-29 23:58:59.732,114311.7,0.001,BTCUSDT
2025-09-29 23:58:59.824,114311.7,0.015,BTCUSDT
2025-09-29 23:59:00.016,114311.7,0.003,BTCUSDT
2025-09-29 23:59:00.016,114311.7,0.016,BTCUSDT
2025-09-29 23:59:00.017,114311.7,0.003,BTCUSDT
2025-09-29 23:59:00.017,114311.7,0.013,BTCUSDT
2025-09-29 23:59:00.017,114311.7,0.013,BTCUSDT
2025-09-29 23:59:00.017,114311.7,0.026,BTCUSDT
2025-09-29 23:59:00.017,114311.7,0.016,BTCUSDT
2025-09-29 23:59:00.018,114311.7,0.006,BTCUSDT
2025-09-29 23:59:00.018,114311.7,0.013,BTCUSDT
2025-09-29 23:59:00.019,114311.7,0.013,BTCUSDT
2025-09-29 23:59:00.019,114311.7,0.006,BTCUSDT
2025-09-29 23:59:00.123,114311.8,0.066,BTCUSDT
2025-09-29 23:59:00.123,114311.8,0.064,BTCUSDT
2025-09-29 23:59:00.232,114311.8,0.077,BTCUSDT
2025-09-29 23:59:00.232,114311.8,0.001,BTCUSDT
2025-09-29 23:59:00.232,114311.8,0.174,BTCUSDT
2025-09-29 23:59:00.232,114311.8,0.175,BTCUSDT
2025-09-29 23:59:00.232,114311.8,0.15,BTCUSDT
2025-09-29 23:59:00.232,114311.8,0.001,BTCUSDT
2025-09-29 23:59:00.232,114311.8,0.001,BTCUSDT
2025-09-29 23:59:00.232,114311.8,0.001,BTCUSDT
2025-09-29 23:59:00.232,114311.8,0.087,BTCUSDT
2025-09-29 23:59:00.232,114311.8,0.059,BTCUSDT
2025-09-29 23:59:00.232,114311.8,0.031,BTCUSDT
2025-09-29 23:59:00.232,114311.8,0.002,BTCUSDT
2025-09-29 23:59:00.232,114311.8,0.002,BTCUSDT
2025-09-29 23:59:00.232,114311.8,0.003,BTCUSDT
2025-09-29 23:59:00.232,114311.8,0.013,BTCUSDT
2025-09-29 23:59:00.232,114311.8,0.003,BTCUSDT
2025-09-29 23:59:00.232,114311.8,0.001,BTCUSDT
2025-09-29 23:59:00.232,114311.9,0.001,BTCUSDT
2025-09-29 23:59:00.232,114311.9,0.001,BTCUSDT
2025-09-29 23:59:00.232,114311.9,0.001,BTCUSDT
2025-09-29 23:59:00.232,114312.0,0.001,BTCUSDT
2025-09-29 23:59:00.232,114312.1,0.002,BTCUSDT
2025-09-29 23:59:00.232,114312.1,0.487,BTCUSDT
2025-09-29 23:59:00.232,114312.2,0.002,BTCUSDT
2025-09-29 23:59:00.232,114312.6,0.001,BTCUSDT
2025-09-29 23:59:00.232,114312.6,0.027,BTCUSDT
2025-09-29 23:59:00.232,114312.6,0.002,BTCUSDT
2025-09-29 23:59:00.232,114312.7,0.002,BTCUSDT
2025-09-29 23:59:00.232,114312.7,0.002,BTCUSDT
2025-09-29 23:59:00.232,114312.8,0.002,BTCUSDT
2025-09-29 23:59:00.232,114313.0,0.001,BTCUSDT
2025-09-29 23:59:00.232,114313.2,1.5,BTCUSDT
2025-09-29 23:59:00.232,114313.2,0.002,BTCUSDT
2025-09-29 23:59:00.232,114313.3,0.002,BTCUSDT
2025-09-29 23:59:00.232,114313.8,0.002,BTCUSDT
2025-09-29 23:59:00.232,114313.8,0.002,BTCUSDT
2025-09-29 23:59:00.232,114314.1,0.002,BTCUSDT
2025-09-29 23:59:00.232,114314.1,0.97,BTCUSDT
2025-09-29 23:59:00.232,114314.3,0.005,BTCUSDT
2025-09-29 23:59:00.232,114314.9,0.002,BTCUSDT
2025-09-29 23:59:00.232,114314.9,0.002,BTCUSDT
2025-09-29 23:59:00.232,114315.0,0.002,BTCUSDT
2025-09-29 23:59:00.232,114315.1,0.001,BTCUSDT
2025-09-29 23:59:00.232,114315.1,0.001,BTCUSDT
2025-09-29 23:59:00.232,114315.3,0.001,BTCUSDT
2025-09-29 23:59:00.232,114315.5,0.002,BTCUSDT
2025-09-29 23:59:00.232,114315.9,0.004,BTCUSDT
2025-09-29 23:59:00.232,114316.0,0.002,BTCUSDT
2025-09-29 23:59:00.232,114316.1,0.002,BTCUSDT
2025-09-29 23:59:00.232,114316.3,0.03,BTCUSDT
2025-09-29 23:59:00.232,114316.4,0.001,BTCUSDT
2025-09-29 23:59:00.232,114316.7,0.008,BTCUSDT
2025-09-29 23:59:00.232,114316.8,0.002,BTCUSDT
2025-09-29 23:59:00.232,114316.8,0.001,BTCUSDT
2025-09-29 23:59:00.232,114316.9,0.003,BTCUSDT
2025-09-29 23:59:00.232,114317.0,0.002,BTCUSDT
2025-09-29 23:59:00.232,114317.0,0.001,BTCUSDT
2025-09-29 23:59:00.232,114317.0,0.005,BTCUSDT
2025-09-29 23:59:00.232,114317.4,0.002,BTCUSDT
2025-09-29 23:59:00.232,114317.4,0.002,BTCUSDT
2025-09-29 23:59:00.232,114317.5,0.001,BTCUSDT
2025-09-29 23:59:00.232,114317.5,0.06,BTCUSDT
2025-09-29 23:59:00.232,114317.6,0.002,BTCUSDT
2025-09-29 23:59:00.232,114318.0,0.001,BTCUSDT
2025-09-29 23:59:00.232,114318.1,0.002,BTCUSDT
2025-09-29 23:59:00.232,114318.2,0.066,BTCUSDT
2025-09-29 23:59:00.232,114318.4,0.002,BTCUSDT
2025-09-29 23:59:00.232,114318.5,0.001,BTCUSDT
2025-09-29 23:59:00.232,114318.5,0.005,BTCUSDT
2025-09-29 23:59:00.232,114318.6,0.001,BTCUSDT
2025-09-29 23:59:00.232,114318.6,0.065,BTCUSDT
2025-09-29 23:59:00.232,114318.7,0.002,BTCUSDT
2025-09-29 23:59:00.232,114318.9,0.002,BTCUSDT
2025-09-29 23:59:00.232,114319.1,0.002,BTCUSDT
2025-09-29 23:59:00.232,114319.2,1.225,BTCUSDT
2025-09-29 23:59:00.232,114319.3,0.002,BTCUSDT
2025-09-29 23:59:00.232,114319.3,0.001,BTCUSDT
2025-09-29 23:59:00.232,114319.3,0.841,BTCUSDT
2025-09-29 23:59:00.232,114319.7,0.001,BTCUSDT
2025-09-29 23:59:00.232,114319.7,0.001,BTCUSDT
2025-09-29 23:59:00.232,114319.7,0.001,BTCUSDT
2025-09-29 23:59:00.232,114319.7,0.001,BTCUSDT
2025-09-29 23:59:00.232,114319.7,0.001,BTCUSDT
2025-09-29 23:59:00.232,114319.8,0.001,BTCUSDT
2025-09-29 23:59:00.232,114319.8,0.002,BTCUSDT
2025-09-29 23:59:00.232,114319.8,0.002,BTCUSDT
2025-09-29 23:59:00.232,114320.0,0.001,BTCUSDT
2025-09-29 23:59:00.232,114320.0,0.001,BTCUSDT
2025-09-29 23:59:00.232,114320.0,0.002,BTCUSDT
2025-09-29 23:59:00.232,114320.2,0.001,BTCUSDT
2025-09-29 23:59:00.232,114320.3,0.006,BTCUSDT
2025-09-29 23:59:00.232,114320.4,0.001,BTCUSDT
2025-09-29 23:59:00.232,114320.4,0.032,BTCUSDT
2025-09-29 23:59:00.232,114320.5,0.001,BTCUSDT
2025-09-29 23:59:00.232,114320.5,0.024,BTCUSDT
2025-09-29 23:59:00.232,114320.6,0.032,BTCUSDT
2025-09-29 23:59:00.232,114320.8,0.002,BTCUSDT
2025-09-29 23:59:00.232,114320.8,0.001,BTCUSDT
2025-09-29 23:59:00.232,114320.9,0.002,BTCUSDT
2025-09-29 23:59:00.232,114321.6,0.031,BTCUSDT
2025-09-29 23:59:00.232,114321.7,0.002,BTCUSDT
2025-09-29 23:59:00.232,114321.8,0.009,BTCUSDT
2025-09-29 23:59:00.232,114321.8,0.016,BTCUSDT
2025-09-29 23:59:00.232,114321.8,0.001,BTCUSDT
2025-09-29 23:59:00.232,114321.9,0.001,BTCUSDT
2025-09-29 23:59:00.232,114321.9,0.001,BTCUSDT
2025-09-29 23:59:00.232,114322.0,0.002,BTCUSDT
2025-09-29 23:59:00.232,114322.3,0.02,BTCUSDT
2025-09-29 23:59:00.232,114322.3,0.006,BTCUSDT
2025-09-29 23:59:00.232,114322.4,0.02,BTCUSDT
2025-09-29 23:59:00.232,114322.6,0.002,BTCUSDT
2025-09-29 23:59:00.232,114322.7,0.001,BTCUSDT
2025-09-29 23:59:00.232,114322.7,1.225,BTCUSDT
2025-09-29 23:59:00.232,114322.8,0.457,BTCUSDT
2025-09-29 23:59:00.232,114322.9,0.001,BTCUSDT
2025-09-29 23:59:00.232,114323.0,0.079,BTCUSDT
2025-09-29 23:59:00.232,114323.1,0.001,BTCUSDT
2025-09-29 23:59:00.232,114323.1,0.002,BTCUSDT
2025-09-29 23:59:00.232,114323.1,0.002,BTCUSDT
2025-09-29 23:59:00.232,114323.1,0.184,BTCUSDT
2025-09-29 23:59:00.232,114323.3,0.001,BTCUSDT
2025-09-29 23:59:00.232,114323.4,0.001,BTCUSDT
2025-09-29 23:59:00.232,114323.4,1.554,BTCUSDT
2025-09-29 23:59:00.232,114323.5,0.001,BTCUSDT
2025-09-29 23:59:00.232,114323.6,0.002,BTCUSDT
2025-09-29 23:59:00.232,114323.6,0.001,BTCUSDT
2025-09-29 23:59:00.232,114323.6,0.005,BTCUSDT
2025-09-29 23:59:00.232,114323.6,0.001,BTCUSDT
2025-09-29 23:59:00.232,114324.0,0.001,BTCUSDT
2025-09-29 23:59:00.232,114324.0,0.008,BTCUSDT
2025-09-29 23:59:00.232,114324.1,0.087,BTCUSDT
2025-09-29 23:59:00.232,114324.2,0.04,BTCUSDT
2025-09-29 23:59:00.232,114324.2,0.04,BTCUSDT
2025-09-29 23:59:00.232,114324.2,0.035,BTCUSDT
2025-09-29 23:59:00.232,114324.2,0.002,BTCUSDT
2025-09-29 23:59:00.232,114324.5,0.002,BTCUSDT
2025-09-29 23:59:00.232,114324.5,0.885,BTCUSDT
2025-09-29 23:59:00.367,114324.7,0.003,BTCUSDT
2025-09-29 23:59:00.367,114324.7,1.545,BTCUSDT
2025-09-29 23:59:00.621,114324.8,0.007,BTCUSDT
2025-09-29 23:59:00.621,114324.8,0.08,BTCUSDT
2025-09-29 23:59:00.772,114324.7,0.017,BTCUSDT
2025-09-29 23:59:00.934,114324.8,0.028,BTCUSDT
2025-09-29 23:59:01.413,114324.7,0.001,BTCUSDT
2025-09-29 23:59:01.514,114324.8,0.001,BTCUSDT
2025-09-29 23:59:01.541,114324.7,0.003,BTCUSDT
2025-09-29 23:59:01.710,114324.8,0.087,BTCUSDT
2025-09-29 23:59:01.798,114324.8,0.002,BTCUSDT
2025-09-29 23:59:01.805,114324.8,0.021,BTCUSDT
2025-09-29 23:59:01.986,114324.8,0.798,BTCUSDT
2025-09-29 23:59:01.986,114324.8,0.001,BTCUSDT
2025-09-29 23:59:01.986,114324.8,0.001,BTCUSDT
2025-09-29 23:59:01.986,114324.8,0.001,BTCUSDT
2025-09-29 23:59:01.986,114324.8,0.001,BTCUSDT
2025-09-29 23:59:01.986,114324.8,0.001,BTCUSDT
2025-09-29 23:59:01.986,114324.8,0.014,BTCUSDT
2025-09-29 23:59:01.986,114324.8,0.001,BTCUSDT
2025-09-29 23:59:01.986,114324.8,0.001,BTCUSDT
2025-09-29 23:59:01.986,114324.8,0.001,BTCUSDT
2025-09-29 23:59:01.986,114324.8,0.001,BTCUSDT
2025-09-29 23:59:01.986,114324.8,0.001,BTCUSDT
2025-09-29 23:59:01.986,114324.8,0.164,BTCUSDT
2025-09-29 23:59:01.986,114324.8,0.001,BTCUSDT
2025-09-29 23:59:01.986,114324.8,0.928,BTCUSDT
2025-09-29 23:59:01.986,114324.8,0.276,BTCUSDT
2025-09-29 23:59:01.986,114324.8,0.001,BTCUSDT
2025-09-29 23:59:01.986,114324.8,0.013,BTCUSDT
2025-09-29 23:59:01.986,114324.8,0.086,BTCUSDT
2025-09-29 23:59:01.986,114324.8,0.782,BTCUSDT
2025-09-29 23:59:01.986,114324.8,0.972,BTCUSDT
2025-09-29 23:59:01.986,114324.8,0.003,BTCUSDT
2025-09-29 23:59:01.986,114324.8,0.207,BTCUSDT
2025-09-29 23:59:01.986,114324.8,0.065,BTCUSDT
2025-09-29 23:59:01.986,114324.8,0.066,BTCUSDT
2025-09-29 23:59:01.986,114324.8,0.007,BTCUSDT
2025-09-29 23:59:01.986,114324.8,0.003,BTCUSDT
2025-09-29 23:59:01.986,114324.8,0.004,BTCUSDT
2025-09-29 23:59:01.986,114324.8,0.03,BTCUSDT
2025-09-29 23:59:01.986,114324.8,0.004,BTCUSDT
2025-09-29 23:59:01.986,114324.8,0.012,BTCUSDT
2025-09-29 23:59:01.986,114324.8,0.027,BTCUSDT
2025-09-29 23:59:01.986,114324.8,0.159,BTCUSDT
2025-09-29 23:59:01.986,114324.8,0.002,BTCUSDT
2025-09-29 23:59:01.986,114324.8,0.03,BTCUSDT
2025-09-29 23:59:01.986,114324.8,0.25,BTCUSDT
2025-09-29 23:59:01.986,114324.8,0.013,BTCUSDT
2025-09-29 23:59:01.986,114324.8,0.001,BTCUSDT
2025-09-29 23:59:01.986,114324.8,0.03,BTCUSDT
2025-09-29 23:59:01.986,114324.8,0.024,BTCUSDT
2025-09-29 23:59:01.986,114324.8,0.024,BTCUSDT
2025-09-29 23:59:01.986,114324.8,0.03,BTCUSDT
2025-09-29 23:59:01.986,114324.8,0.024,BTCUSDT
2025-09-29 23:59:01.986,114324.8,0.03,BTCUSDT
2025-09-29 23:59:01.986,114324.8,0.024,BTCUSDT
2025-09-29 23:59:01.986,114324.8,0.03,BTCUSDT
2025-09-29 23:59:01.986,114324.8,0.03,BTCUSDT
2025-09-29 23:59:01.986,114324.8,0.03,BTCUSDT
2025-09-29 23:59:01.986,114324.8,0.03,BTCUSDT
2025-09-29 23:59:01.986,114324.8,0.024,BTCUSDT
2025-09-29 23:59:01.986,114324.8,0.03,BTCUSDT
2025-09-29 23:59:01.986,114324.8,0.024,BTCUSDT
2025-09-29 23:59:01.986,114324.8,0.03,BTCUSDT
2025-09-29 23:59:01.986,114324.8,0.03,BTCUSDT
2025-09-29 23:59:01.986,114324.8,0.03,BTCUSDT
2025-09-29 23:59:01.986,114324.8,0.03,BTCUSDT
2025-09-29 23:59:01.986,114324.8,0.03,BTCUSDT
2025-09-29 23:59:01.986,114324.8,0.03,BTCUSDT
2025-09-29 23:59:01.986,114324.8,0.03,BTCUSDT
2025-09-29 23:59:01.986,114324.8,0.03,BTCUSDT
2025-09-29 23:59:01.986,114324.8,0.03,BTCUSDT
2025-09-29 23:59:01.986,114324.8,0.024,BTCUSDT
2025-09-29 23:59:01.986,114324.8,0.026,BTCUSDT
2025-09-29 23:59:01.986,114324.8,0.024,BTCUSDT
2025-09-29 23:59:01.986,114324.8,0.03,BTCUSDT
2025-09-29 23:59:01.986,114324.8,0.03,BTCUSDT
2025-09-29 23:59:01.986,114324.8,0.026,BTCUSDT
2025-09-29 23:59:01.986,114324.8,0.026,BTCUSDT
2025-09-29 23:59:01.986,114324.8,0.03,BTCUSDT
2025-09-29 23:59:01.986,114324.8,0.03,BTCUSDT
2025-09-29 23:59:01.986,114324.8,0.026,BTCUSDT
2025-09-29 23:59:01.986,114324.8,0.004,BTCUSDT
2025-09-29 23:59:01.986,114324.8,0.004,BTCUSDT
2025-09-29 23:59:01.986,114324.8,0.004,BTCUSDT
2025-09-29 23:59:01.986,114324.8,0.03,BTCUSDT
2025-09-29 23:59:01.986,114324.8,0.026,BTCUSDT
2025-09-29 23:59:01.986,114324.8,0.004,BTCUSDT
2025-09-29 23:59:01.986,114324.8,0.004,BTCUSDT
2025-09-29 23:59:01.986,114324.8,0.004,BTCUSDT
2025-09-29 23:59:01.986,114324.8,0.004,BTCUSDT
2025-09-29 23:59:01.986,114324.8,0.004,BTCUSDT
2025-09-29 23:59:01.986,114324.8,0.004,BTCUSDT
2025-09-29 23:59:01.986,114324.8,0.004,BTCUSDT
2025-09-29 23:59:01.986,114324.8,0.004,BTCUSDT
2025-09-29 23:59:01.986,114324.8,0.004,BTCUSDT
2025-09-29 23:59:01.986,114324.8,0.085,BTCUSDT
2025-09-29 23:59:01.986,114324.8,0.022,BTCUSDT
2025-09-29 23:59:01.986,114324.8,0.031,BTCUSDT
2025-09-29 23:59:01.986,114324.8,0.025,BTCUSDT
2025-09-29 23:59:01.986,114324.8,0.001,BTCUSDT
2025-09-29 23:59:01.986,114324.8,0.002,BTCUSDT
2025-09-29 23:59:01.986,114324.8,0.001,BTCUSDT
2025-09-29 23:59:01.986,114324.8,0.03,BTCUSDT
2025-09-29 23:59:01.986,114324.8,0.001,BTCUSDT
2025-09-29 23:59:01.986,114324.8,0.057,BTCUSDT
2025-09-29 23:59:01.986,114324.8,0.004,BTCUSDT
2025-09-29 23:59:01.986,114324.8,0.004,BTCUSDT
2025-09-29 23:59:01.986,114324.8,0.073,BTCUSDT
2025-09-29 23:59:01.986,114324.8,0.259,BTCUSDT
2025-09-29 23:59:01.986,114324.8,0.025,BTCUSDT
2025-09-29 23:59:01.986,114324.8,0.026,BTCUSDT
2025-09-29 23:59:01.986,114324.8,0.029,BTCUSDT
2025-09-29 23:59:01.986,114324.8,0.002,BTCUSDT
2025-09-29 23:59:01.986,114324.8,0.028,BTCUSDT
2025-09-29 23:59:01.986,114324.9,0.001,BTCUSDT
2025-09-29 23:59:01.986,114324.9,0.001,BTCUSDT
2025-09-29 23:59:01.986,114324.9,0.001,BTCUSDT
2025-09-29 23:59:01.986,114324.9,0.001,BTCUSDT
2025-09-29 23:59:01.986,114324.9,0.002,BTCUSDT
2025-09-29 23:59:01.986,114324.9,0.002,BTCUSDT
2025-09-29 23:59:01.986,114324.9,0.002,BTCUSDT
2025-09-29 23:59:01.986,114324.9,0.082,BTCUSDT
2025-09-29 23:59:01.986,114325.0,0.001,BTCUSDT
2025-09-29 23:59:01.986,114325.0,0.002,BTCUSDT
2025-09-29 23:59:01.986,114325.1,0.002,BTCUSDT
2025-09-29 23:59:01.986,114325.1,0.001,BTCUSDT
2025-09-29 23:59:01.986,114325.2,0.001,BTCUSDT
2025-09-29 23:59:01.986,114325.2,0.001,BTCUSDT
2025-09-29 23:59:01.986,114325.3,0.001,BTCUSDT
2025-09-29 23:59:01.986,114325.3,0.001,BTCUSDT
2025-09-29 23:59:01.986,114325.4,0.001,BTCUSDT
2025-09-29 23:59:01.986,114325.5,0.002,BTCUSDT
2025-09-29 23:59:01.986,114325.5,0.03,BTCUSDT
2025-09-29 23:59:01.986,114325.5,0.001,BTCUSDT
2025-09-29 23:59:01.986,114325.5,0.001,BTCUSDT
2025-09-29 23:59:01.986,114325.6,0.001,BTCUSDT
2025-09-29 23:59:01.986,114325.6,0.002,BTCUSDT
2025-09-29 23:59:01.986,114325.7,0.002,BTCUSDT
2025-09-29 23:59:01.986,114326.2,0.003,BTCUSDT
2025-09-29 23:59:01.986,114326.3,0.002,BTCUSDT
2025-09-29 23:59:01.986,114326.5,0.001,BTCUSDT
2025-09-29 23:59:01.986,114326.5,0.174,BTCUSDT
2025-09-29 23:59:01.986,114326.9,0.004,BTCUSDT
2025-09-29 23:59:01.986,114327.0,0.002,BTCUSDT
2025-09-29 23:59:01.986,114327.0,0.002,BTCUSDT
2025-09-29 23:59:01.986,114327.0,0.001,BTCUSDT
2025-09-29 23:59:01.986,114327.5,0.001,BTCUSDT
2025-09-29 23:59:01.986,114327.6,0.002,BTCUSDT
2025-09-29 23:59:01.986,114327.8,0.03,BTCUSDT
2025-09-29 23:59:01.986,114327.8,0.088,BTCUSDT
2025-09-29 23:59:01.986,114328.0,0.031,BTCUSDT
2025-09-29 23:59:01.986,114328.0,0.08,BTCUSDT
2025-09-29 23:59:01.986,114328.1,0.002,BTCUSDT
2025-09-29 23:59:01.986,114328.1,0.08,BTCUSDT
2025-09-29 23:59:01.986,114328.2,0.002,BTCUSDT
2025-09-29 23:59:01.986,114328.2,0.002,BTCUSDT
2025-09-29 23:59:01.986,114328.5,0.001,BTCUSDT
2025-09-29 23:59:01.986,114328.7,0.001,BTCUSDT
2025-09-29 23:59:01.986,114328.7,0.51,BTCUSDT
2025-09-29 23:59:01.986,114328.8,0.002,BTCUSDT
2025-09-29 23:59:01.986,114328.8,0.001,BTCUSDT
2025-09-29 23:59:01.986,114328.8,0.002,BTCUSDT
2025-09-29 23:59:01.986,114328.8,0.22,BTCUSDT
2025-09-29 23:59:01.986,114328.9,0.044,BTCUSDT
2025-09-29 23:59:01.986,114329.0,0.044,BTCUSDT
2025-09-29 23:59:01.986,114329.0,0.036,BTCUSDT
2025-09-29 23:59:01.986,114329.1,0.08,BTCUSDT
2025-09-29 23:59:01.986,114329.1,0.08,BTCUSDT
2025-09-29 23:59:01.986,114329.1,0.001,BTCUSDT
2025-09-29 23:59:01.986,114329.2,0.002,BTCUSDT
2025-09-29 23:59:01.986,114329.2,0.088,BTCUSDT
2025-09-29 23:59:01.986,114329.2,0.2,BTCUSDT
2025-09-29 23:59:01.986,114329.2,0.04,BTCUSDT
2025-09-29 23:59:01.986,114329.3,0.001,BTCUSDT
2025-09-29 23:59:01.986,114329.4,0.002,BTCUSDT
2025-09-29 23:59:01.986,114329.5,0.001,BTCUSDT
2025-09-29 23:59:01.986,114329.6,0.002,BTCUSDT
2025-09-29 23:59:01.986,114329.6,0.088,BTCUSDT
2025-09-29 23:59:01.986,114329.7,1.225,BTCUSDT
2025-09-29 23:59:01.986,114329.7,0.001,BTCUSDT
2025-09-29 23:59:01.986,114329.7,0.005,BTCUSDT
2025-09-29 23:59:01.986,114329.9,0.001,BTCUSDT
2025-09-29 23:59:01.986,114329.9,0.2,BTCUSDT
2025-09-29 23:59:01.986,114329.9,0.044,BTCUSDT
2025-09-29 23:59:01.986,114329.9,0.24,BTCUSDT
2025-09-29 23:59:01.986,114329.9,0.048,BTCUSDT
2025-09-29 23:59:01.986,114329.9,0.044,BTCUSDT
2025-09-29 23:59:01.986,114330.0,0.001,BTCUSDT
2025-09-29 23:59:01.986,114330.0,0.002,BTCUSDT
2025-09-29 23:59:01.986,114330.0,0.001,BTCUSDT
2025-09-29 23:59:01.986,114330.0,0.001,BTCUSDT
2025-09-29 23:59:01.986,114330.0,0.088,BTCUSDT
2025-09-29 23:59:01.986,114330.0,0.08,BTCUSDT
2025-09-29 23:59:01.986,114330.0,0.044,BTCUSDT
2025-09-29 23:59:01.986,114330.1,0.08,BTCUSDT
2025-09-29 23:59:01.986,114330.1,0.08,BTCUSDT
2025-09-29 23:59:01.986,114330.1,0.039,BTCUSDT
2025-09-29 23:59:01.986,114330.3,0.002,BTCUSDT
2025-09-29 23:59:01.986,114330.3,0.016,BTCUSDT
2025-09-29 23:59:02.387,114330.5,0.001,BTCUSDT
2025-09-29 23:59:02.387,114330.5,0.001,BTCUSDT
2025-09-29 23:59:02.387,114330.5,0.001,BTCUSDT
2025-09-29 23:59:02.387,114330.5,0.001,BTCUSDT
2025-09-29 23:59:02.387,114330.5,0.001,BTCUSDT
2025-09-29 23:59:02.387,114330.5,0.001,BTCUSDT
2025-09-29 23:59:02.387,114330.5,0.001,BTCUSDT
2025-09-29 23:59:02.387,114330.5,0.001,BTCUSDT
2025-09-29 23:59:02.387,114330.5,0.003,BTCUSDT
2025-09-29 23:59:02.387,114330.5,0.037,BTCUSDT
2025-09-29 23:59:02.533,114330.5,0.027,BTCUSDT
2025-09-29 23:59:02.533,114330.5,0.087,BTCUSDT
2025-09-29 23:59:02.533,114330.5,0.006,BTCUSDT
2025-09-29 23:59:02.533,114330.5,0.003,BTCUSDT
2025-09-29 23:59:02.533,114330.5,0.004,BTCUSDT
2025-09-29 23:59:02.533,114330.5,0.002,BTCUSDT
2025-09-29 23:59:02.533,114330.5,0.027,BTCUSDT
2025-09-29 23:59:02.533,114330.5,0.002,BTCUSDT
2025-09-29 23:59:02.533,114330.5,0.004,BTCUSDT
2025-09-29 23:59:02.533,114330.5,0.004,BTCUSDT
2025-09-29 23:59:02.533,114330.5,0.004,BTCUSDT
2025-09-29 23:59:02.533,114330.5,0.004,BTCUSDT
2025-09-29 23:59:02.533,114330.5,0.002,BTCUSDT
2025-09-29 23:59:02.533,114330.6,0.002,BTCUSDT
2025-09-29 23:59:02.533,114330.6,0.001,BTCUSDT
2025-09-29 23:59:02.533,114330.6,0.001,BTCUSDT
2025-09-29 23:59:02.533,114331.2,0.002,BTCUSDT
2025-09-29 23:59:02.533,114331.3,0.002,BTCUSDT
2025-09-29 23:59:02.533,114331.4,0.002,BTCUSDT
2025-09-29 23:59:02.533,114331.6,0.002,BTCUSDT
2025-09-29 23:59:02.533,114331.8,0.001,BTCUSDT
2025-09-29 23:59:02.533,114331.8,0.002,BTCUSDT
2025-09-29 23:59:02.533,114331.8,0.001,BTCUSDT
2025-09-29 23:59:02.533,114332.4,0.002,BTCUSDT
2025-09-29 23:59:02.533,114332.5,0.026,BTCUSDT
2025-09-29 23:59:02.537,114333.0,0.002,BTCUSDT
2025-09-29 23:59:02.537,114333.3,0.001,BTCUSDT
2025-09-29 23:59:02.537,114333.3,0.005,BTCUSDT
2025-09-29 23:59:02.537,114333.6,0.002,BTCUSDT
2025-09-29 23:59:02.537,114333.9,0.03,BTCUSDT
2025-09-29 23:59:02.537,114334.2,0.001,BTCUSDT
2025-09-29 23:59:02.537,114334.2,0.002,BTCUSDT
2025-09-29 23:59:02.537,114334.3,0.001,BTCUSDT
2025-09-29 23:59:02.537,114334.3,0.007,BTCUSDT
2025-09-29 23:59:02.537,114334.4,0.002,BTCUSDT
2025-09-29 23:59:02.537,114334.6,0.002,BTCUSDT
2025-09-29 23:59:02.537,114334.7,0.002,BTCUSDT
2025-09-29 23:59:02.537,114334.8,0.001,BTCUSDT
2025-09-29 23:59:02.537,114334.8,0.002,BTCUSDT
2025-09-29 23:59:02.537,114335.0,0.001,BTCUSDT
2025-09-29 23:59:02.541,114335.1,0.001,BTCUSDT
2025-09-29 23:59:02.541,114335.1,0.008,BTCUSDT
2025-09-29 23:59:02.670,114335.1,0.001,BTCUSDT
2025-09-29 23:59:02.670,114335.1,0.086,BTCUSDT
2025-09-29 23:59:02.680,114335.1,0.071,BTCUSDT
2025-09-29 23:59:02.683,114335.1,0.006,BTCUSDT
2025-09-29 23:59:02.683,114335.1,0.001,BTCUSDT
2025-09-29 23:59:02.683,114335.1,0.059,BTCUSDT
2025-09-29 23:59:02.685,114335.1,0.098,BTCUSDT
2025-09-29 23:59:02.692,114335.1,0.012,BTCUSDT
2025-09-29 23:59:02.713,114335.0,1.654,BTCUSDT
2025-09-29 23:59:02.713,114335.0,0.103,BTCUSDT
2025-09-29 23:59:02.713,114335.0,0.945,BTCUSDT
2025-09-29 23:59:02.713,114335.0,0.026,BTCUSDT
2025-09-29 23:59:02.713,114335.0,0.978,BTCUSDT
2025-09-29 23:59:02.713,114335.0,0.103,BTCUSDT
2025-09-29 23:59:02.713,114335.0,0.33,BTCUSDT
2025-09-29 23:59:02.713,114335.0,0.946,BTCUSDT
2025-09-29 23:59:02.713,114335.0,0.064,BTCUSDT
2025-09-29 23:59:02.713,114335.0,0.118,BTCUSDT
2025-09-29 23:59:02.713,114335.0,0.655,BTCUSDT
2025-09-29 23:59:02.713,114335.0,0.064,BTCUSDT
2025-09-29 23:59:02.713,114335.0,0.026,BTCUSDT
2025-09-29 23:59:02.713,114335.0,0.064,BTCUSDT
2025-09-29 23:59:02.713,114335.0,0.065,BTCUSDT
2025-09-29 23:59:02.713,114335.0,0.5,BTCUSDT
2025-09-29 23:59:02.713,114335.0,0.064,BTCUSDT
2025-09-29 23:59:02.713,114335.0,0.61,BTCUSDT
2025-09-29 23:59:02.713,114335.0,0.149,BTCUSDT
2025-09-29 23:59:02.713,114335.0,1.191,BTCUSDT
2025-09-29 23:59:02.713,114335.0,0.2,BTCUSDT
2025-09-29 23:59:02.713,114335.0,0.096,BTCUSDT
2025-09-29 23:59:02.782,114335.1,0.005,BTCUSDT
2025-09-29 23:59:02.882,114335.1,0.015,BTCUSDT
2025-09-29 23:59:02.915,114335.0,0.001,BTCUSDT
2025-09-29 23:59:03.066,114335.0,0.001,BTCUSDT
2025-09-29 23:59:03.300,114335.1,0.001,BTCUSDT
2025-09-29 23:59:03.388,114335.0,0.001,BTCUSDT
2025-09-29 23:59:03.388,114335.0,0.001,BTCUSDT
2025-09-29 23:59:03.388,114335.0,0.001,BTCUSDT
2025-09-29 23:59:03.388,114335.0,0.001,BTCUSDT
2025-09-29 23:59:03.388,114335.0,0.001,BTCUSDT
2025-09-29 23:59:03.388,114335.0,0.001,BTCUSDT
2025-09-29 23:59:03.388,114335.0,0.001,BTCUSDT
2025-09-29 23:59:03.388,114335.0,0.002,BTCUSDT
2025-09-29 23:59:03.388,114335.0,0.001,BTCUSDT
2025-09-29 23:59:03.388,114335.0,0.001,BTCUSDT
2025-09-29 23:59:03.388,114335.0,0.002,BTCUSDT
2025-09-29 23:59:03.390,114335.0,0.003,BTCUSDT
2025-09-29 23:59:03.390,114335.0,0.01,BTCUSDT
2025-09-29 23:59:03.390,114335.0,0.001,BTCUSDT
2025-09-29 23:59:03.390,114335.0,0.003,BTCUSDT
2025-09-29 23:59:03.390,114335.0,0.013,BTCUSDT
2025-09-29 23:59:03.390,114335.0,0.009,BTCUSDT
2025-09-29 23:59:03.390,114335.0,0.001,BTCUSDT
2025-09-29 23:59:03.390,114335.0,0.005,BTCUSDT
2025-09-29 23:59:03.390,114335.0,0.01,BTCUSDT
2025-09-29 23:59:03.390,114335.0,0.002,BTCUSDT
2025-09-29 23:59:03.390,114335.0,0.001,BTCUSDT
2025-09-29 23:59:03.390,114335.0,0.001,BTCUSDT
2025-09-29 23:59:03.390,114335.0,0.002,BTCUSDT
2025-09-29 23:59:03.390,114335.0,0.002,BTCUSDT
2025-09-29 23:59:03.390,114335.0,0.024,BTCUSDT
2025-09-29 23:59:03.390,114335.0,0.126,BTCUSDT
2025-09-29 23:59:03.390,114335.0,0.006,BTCUSDT
2025-09-29 23:59:03.390,114335.0,0.009,BTCUSDT
2025-09-29 23:59:03.390,114335.0,0.002,BTCUSDT
2025-09-29 23:59:03.390,114335.0,0.001,BTCUSDT
2025-09-29 23:59:03.390,114335.0,0.006,BTCUSDT
2025-09-29 23:59:03.390,114335.0,0.001,BTCUSDT
2025-09-29 23:59:03.390,114335.0,0.001,BTCUSDT
2025-09-29 23:59:03.390,114335.0,0.001,BTCUSDT
2025-09-29 23:59:03.390,114335.0,0.002,BTCUSDT
2025-09-29 23:59:03.390,114335.0,0.001,BTCUSDT
2025-09-29 23:59:03.390,114334.9,0.001,BTCUSDT
2025-09-29 23:59:03.390,114334.9,0.002,BTCUSDT
2025-09-29 23:59:03.390,114334.9,0.001,BTCUSDT
2025-09-29 23:59:03.390,114334.9,0.002,BTCUSDT
2025-09-29 23:59:03.390,114334.4,0.002,BTCUSDT
2025-09-29 23:59:03.390,114334.2,0.001,BTCUSDT
2025-09-29 23:59:03.390,114333.8,0.002,BTCUSDT
2025-09-29 23:59:03.390,114333.7,0.002,BTCUSDT
2025-09-29 23:59:03.390,114333.6,0.001,BTCUSDT
2025-09-29 23:59:03.390,114333.6,0.001,BTCUSDT
2025-09-29 23:59:03.392,114333.1,0.001,BTCUSDT
2025-09-29 23:59:03.392,114333.1,0.001,BTCUSDT
2025-09-29 23:59:03.392,114333.0,0.002,BTCUSDT
2025-09-29 23:59:03.395,114332.4,0.002,BTCUSDT
2025-09-29 23:59:03.395,114332.0,0.001,BTCUSDT
2025-09-29 23:59:03.395,114332.0,0.002,BTCUSDT
2025-09-29 23:59:03.395,114331.8,0.002,BTCUSDT
2025-09-29 23:59:03.395,114331.0,0.002,BTCUSDT
2025-09-29 23:59:03.395,114331.0,0.034,BTCUSDT
2025-09-29 23:59:03.395,114330.4,0.002,BTCUSDT
2025-09-29 23:59:03.395,114330.0,0.001,BTCUSDT
2025-09-29 23:59:03.395,114330.0,0.001,BTCUSDT
2025-09-29 23:59:03.395,114330.0,0.002,BTCUSDT
2025-09-29 23:59:03.395,114329.9,0.001,BTCUSDT
2025-09-29 23:59:03.395,114329.8,0.002,BTCUSDT
2025-09-29 23:59:03.395,114329.8,0.005,BTCUSDT
2025-09-29 23:59:03.395,114329.7,0.002,BTCUSDT
2025-09-29 23:59:03.395,114329.7,0.002,BTCUSDT
2025-09-29 23:59:03.395,114329.3,0.06,BTCUSDT
2025-09-29 23:59:03.395,114329.2,0.002,BTCUSDT
2025-09-29 23:59:03.395,114328.8,0.001,BTCUSDT
2025-09-29 23:59:03.395,114328.8,0.001,BTCUSDT
2025-09-29 23:59:03.400,114328.5,0.001,BTCUSDT
2025-09-29 23:59:03.400,114328.5,0.001,BTCUSDT
2025-09-29 23:59:03.400,114328.5,0.019,BTCUSDT
2025-09-29 23:59:03.720,114328.6,0.087,BTCUSDT
2025-09-29 23:59:03.879,114328.6,0.025,BTCUSDT
2025-09-29 23:59:04.246,114328.6,0.006,BTCUSDT
2025-09-29 23:59:04.366,114328.5,0.004,BTCUSDT
2025-09-29 23:59:04.431,114328.6,1.527,BTCUSDT
2025-09-29 23:59:04.431,114328.6,0.934,BTCUSDT
2025-09-29 23:59:04.431,114328.6,0.946,BTCUSDT
2025-09-29 23:59:04.431,114328.6,0.001,BTCUSDT
2025-09-29 23:59:04.431,114328.6,0.001,BTCUSDT
2025-09-29 23:59:04.431,114328.6,0.61,BTCUSDT
2025-09-29 23:59:04.431,114328.6,0.978,BTCUSDT
2025-09-29 23:59:04.431,114328.6,0.149,BTCUSDT
2025-09-29 23:59:04.431,114328.6,0.001,BTCUSDT
2025-09-29 23:59:04.431,114328.6,0.207,BTCUSDT
2025-09-29 23:59:04.431,114328.6,0.128,BTCUSDT
2025-09-29 23:59:04.431,114328.6,0.129,BTCUSDT
2025-09-29 23:59:04.431,114328.6,0.052,BTCUSDT
2025-09-29 23:59:04.431,114328.6,0.001,BTCUSDT
2025-09-29 23:59:04.431,114328.6,0.654,BTCUSDT
2025-09-29 23:59:04.431,114328.6,0.118,BTCUSDT
2025-09-29 23:59:04.431,114328.6,0.2,BTCUSDT
2025-09-29 23:59:04.431,114328.6,0.2,BTCUSDT
2025-09-29 23:59:04.431,114328.6,0.001,BTCUSDT
2025-09-29 23:59:04.431,114328.6,0.001,BTCUSDT
2025-09-29 23:59:04.431,114328.6,0.012,BTCUSDT
2025-09-29 23:59:04.431,114328.6,0.01,BTCUSDT
2025-09-29 23:59:04.431,114328.6,0.001,BTCUSDT
2025-09-29 23:59:04.431,114328.6,1.725,BTCUSDT
2025-09-29 23:59:04.431,114328.6,1.191,BTCUSDT
2025-09-29 23:59:04.431,114328.6,0.198,BTCUSDT
2025-09-29 23:59:04.431,114328.6,0.001,BTCUSDT
2025-09-29 23:59:04.431,114328.6,0.272,BTCUSDT
2025-09-29 23:59:04.431,114328.6,0.05,BTCUSDT
2025-09-29 23:59:04.431,114328.6,0.25,BTCUSDT
2025-09-29 23:59:04.431,114328.6,0.15,BTCUSDT
2025-09-29 23:59:04.431,114328.6,0.04,BTCUSDT
2025-09-29 23:59:04.431,114328.6,0.006,BTCUSDT
2025-09-29 23:59:04.431,114328.6,0.001,BTCUSDT
2025-09-29 23:59:04.431,114328.6,0.15,BTCUSDT
2025-09-29 23:59:04.431,114328.6,0.045,BTCUSDT
2025-09-29 23:59:04.431,114328.6,0.003,BTCUSDT
2025-09-29 23:59:04.431,114328.6,0.057,BTCUSDT
2025-09-29 23:59:04.603,114328.6,0.033,BTCUSDT
2025-09-29 23:59:04.671,114328.6,0.225,BTCUSDT
2025-09-29 23:59:04.680,114328.6,0.087,BTCUSDT
2025-09-29 23:59:04.915,114328.6,0.159,BTCUSDT
2025-09-29 23:59:04.948,114328.6,0.043,BTCUSDT
